3660 5506
523 665 1345 763 ATTRIBUTA.
1464 690 1514 781 37

289 907 395 971 mtun
408 885 626 970 continebat
639 884 817 969 melleum
831 882 977 985 nestar,
1006 910 1117 994 aquae
1140 878 1431 964 consistentia&
1446 903 1510 996 co-

286 999 388 1102 lore,
416 997 632 1081 dulciffimo
644 1000 796 1108 sapore,
826 996 935 1106 quod
949 997 989 1075 in
1002 993 1194 1076 verticillo
1206 994 1331 1103 primo
1345 991 1435 1105 (fig.
1449 993 1509 1100 3.)

285 1108 470 1192 afloribus
484 1109 762 1211 absorbebatur,
770 1112 810 1189 in
822 1109 948 1207 tertio,
963 1107 1294 1214 quarto&quinto
1303 1103 1392 1213 (sig.
1402 1102 1510 1210 45.)

285 1221 380 1301 vero
394 1249 472 1301 non
486 1221 595 1320 item,
624 1222 689 1302 sed
703 1220 790 1327 poll·
804 1220 906 1297 diem
920 1215 1204 1314 incrassabatur,
1234 1214 1511 1293 consistentiam

286 1337 328 1411 &
349 1331 515 1410 colorem
536 1331 705 1410 humoris
726 1329 838 1408 vitrei
865 1353 913 1404 ex
933 1323 1050 1404 oculo
1069 1321 1257 1423 referens,
1294 1324 1333 1402 in
1355 1323 1511 1403 floribus

289 1460 416 1520 autem
437 1440 649 1519 masculinis
671 1435 797 1517 nullus
817 1461 988 1542 unquam
1008 1435 1137 1515 aderat
1158 1434 1296 1540 liquor.
1328 1433 1513 1537 Quidsrbi

285 1549 372 1631 vult
385 1547 541 1632 melleus
556 1550 687 1658 liquor
700 1551 738 1627 in
752 1547 856 1626 omni
878 1545 994 1624 flore?
1024 1545 1120 1651 quid
1141 1544 1254 1648 hujus
1274 1543 1315 1622 in
1341 1543 1511 1624 animali·

284 1659 353 1743 bus
367 1658 580 1770 analogon?
611 1687 680 1740 cur
695 1657 951 1739 resorbebatur
964 1652 1030 1735 ubi
1043 1651 1185 1736 fruttus
1198 1650 1403 1762 persestior
1422 1683 1510 1737 eva-

282 1769 350 1872 sit,
378 1774 419 1852 in
432 1769 515 1851 aliis
530 1785 629 1853 non?
660 1797 727 1850 cur
740 1767 861 1849 solum
877 1769 1016 1847 stamen
1036 1763 1293 1874 longissimum
1313 1765 1510 1878 demergo

285 1878 397 1961 batur
411 1882 451 1960 in
465 1882 634 1962 nestare?

342 2023 369 2087 ς.
401 1985 555 2100 Tempus
557 1985 723 2097 florendi
742 1988 930 2098 srngulare
950 1989 1171 2070 etiamerat:
1194 1988 1392 2073 Verticilli
1410 1987 1511 2070 enim

284 2099 491 2201 secundus,
505 2105 636 2184 tertius
658 2109 867 2209 &quartus
889 2101 912 2210 (
921 2101 1008 2210 Fig.
1024 2128 1062 2207 4.
1081 2095 1148 2208 5.)
1163 2123 1242 2180 uno
1262 2098 1431 2181 alterove
1450 2099 1513 2180 die

285 2209 531 2292 absolvebant
545 2211 839 2311 florescentiam,
868 2212 1007 2292 deinde
1026 2238 1118 2291 mox
1139 2208 1324 2290 corollam
1336 2219 1376 2292 &
1391 2209 1514 2291 stami-

284 2347 334 2401 na
347 2320 584 2428 rejiciebant,
613 2342 790 2403 econtra
803 2321 1011 2404 verticillos
1031 2322 1176 2431 primus
1200 2321 1222 2430 (
1232 2319 1317 2429 Fig.
1330 2316 1396 2428 3.)
1403 2321 1515 2429 ,qui,

282 2431 367 2537 jure
394 2431 724 2535 primogeniturae,
753 2433 918 2530 primum
932 2431 1067 2502 florere
1085 2427 1292 2531 debuisset,
1326 2431 1431 2538 quasr
1450 2456 1515 2510 ex·

283 2537 436 2646 peslans
463 2536 560 2617 seros
580 2531 792 2631 masculos,
827 2531 896 2609 diu
923 2533 1110 2639 protraxit
1136 2532 1322 2616 institutas
1341 2540 1516 2644 nuptias,

286 2656 328 2730 ὃς
341 2643 428 2754 post
447 2646 574 2726 aslum
593 2644 738 2723 fastum
759 2641 899 2753 calycis
918 2639 1034 2720 instar
1054 2642 1186 2722 viridis
1200 2645 1409 2726 coriaceam
1427 2649 1513 2728 reti·

287 2758 372 2837 nuit
394 2754 580 2834 corollam
614 2763 655 2836 δε
682 2752 876 2834 vivaciora
894 2751 1087 2861 protrudit
1119 2753 1313 2861 germina,
1349 2783 1514 2864 quorum

291 2867 376 2976 spes
389 2864 662 2946 maturescendi
676 2863 815 2943 certior
827 2862 934 2943 nobis
947 2861 1012 2944 est.

342 2976 490 3058 Omnia
503 2977 589 3084 quis
603 2971 760 3075 referat,
790 2970 846 3050 nil
860 3001 938 3054 non
951 2971 1142 3054 laudabile
1155 2975 1248 3058 vidi.

345 3110 408 3193 27.
419 3084 654 3170 Anatomicae
667 3082 946 3165 observationes
961 3082 1074 3165 nullae
1095 3112 1155 3164 me
1168 3084 1410 3190 detinebunt,
1427 3089 1513 3198 quis
1527 3134 1659 3210 om,

287 3198 388 3278 enim
403 3195 529 3276 cultro
543 3195 775 3276 Anatomico
782 3255 794 3293 ,
804 3194 912 3301 quod
925 3195 1087 3275 maxime
1099 3222 1229 3277 carum
1243 3195 1513 3301 haberet,con-
1524 3219 1603 3272 tiones
1616 3219 1660 3269 A·

287 3307 460 3388 cederet?
489 3307 588 3412 Quis
603 3305 748 3406 Musa,
768 3327 846 3385 tam
859 3302 979 3384 nobili
992 3305 1369 3415 soetugravidae,non
1384 3339 1514 3420 parce·
1525 3293 1675 3429 &m

289 3413 552 3499 ret38ufficiat
565 3413 770 3495 meminisse
783 3411 1017 3497 Petiolorum
1038 3414 1262 3526 singularem
1275 3419 1634 3528 strusturamzsapaae.

286 3525 328 3607 hi
341 3525 484 3608 enimsi
498 3527 662 3634 ‘oblique
675 3523 922 3628 dissecentur,
942 3528 1139 3636 apparebit
1152 3556 1215 3610 eos
1229 3529 1398 3613 constare
1411 3536 1512 3614 tuni·

288 3637 342 3723 cis
357 3635 726 3746 longitudinalibus,
755 3637 853 3716 intra
865 3636 902 3717 se
922 3639 1088 3719 invicem
1108 3637 1260 3749 positis,
1294 3667 1367 3722 nec
1385 3662 1511 3727 tamen

286 3749 520 3873 contiguis,
545 3747 707 3857 squamis
734 3746 1033 3830 transversalibus
1066 3750 1278 3869 itidemque
1305 3780 1331 3832 a
1353 3753 1392 3834 se
1410 3753 1509 3838 invi·

288 3883 373 3936 cem
386 3878 538 3939 remotis
552 3857 781 3959 intertextis,
810 3878 853 3938 ut
867 3859 906 3938 in
919 3859 972 3940 eis
985 3857 1137 3942 cellulae
1157 3877 1309 3965 vac'uae,
1327 3882 1513 3973 tanquam

284 3968 326 4048 in
344 3965 592 4079 Lithophyto
604 3966 698 4071 isto,
726 3967 925 4078 Retepora
938 3969 1064 4079 diuo,
1094 3972 1386 4082 conspiciantur.

344 4077 391 4157 N
393 4105 438 4157 ec
452 4076 731 4190 dsicrofcopicas
743 4078 848 4162 obser
853 4081 1019 4163 vationes
1032 4082 1073 4162 in
1087 4080 1204 4166 herba
1212 4085 1384 4167 omnium
1390 4087 1511 4168 maxi.-

287 4187 550 4270 maadducam
562 4188 659 4273 ullas
665 4238 677 4291 3
706 4212 884 4273 annotare
901 4192 1022 4273 modo
1042 4191 1174 4296 liceat,
1209 4195 1331 4305 quod,
1352 4223 1440 4278 cum
1453 4194 1516 4279 so-

288 4296 384 4386 b'um
402 4299 603 4411 quoddam
625 4299 865 4409 distraltatur,
883 4303 922 4388 in
936 4303 1182 4525 conffeplum
1204 4306 1392 4418 prodeant
1401 4307 1515 4504 gass
