3660 5506
392 662 441 724 aa
766 643 1204 735 GENUS.

388 862 506 954 queat
526 846 695 958 negotio.
757 847 935 938 Proxime
961 853 1120 984 quidem
1145 853 1302 985 accedit·
1315 855 1367 942 ad
1386 856 1559 946 Carnam
1579 872 1624 950 te·

391 953 616 1085 Amomunr,
644 958 711 1044 sed
737 985 923 1072 quantum
943 989 1059 1053 etiam
1078 971 1127 1054 ab
1147 966 1436 1076 hiscedsfferat,
1463 999 1513 1056 ex
1524 971 1623 1061 datis

393 1067 668 1154 charasterrbus
689 1075 808 1202 (pag.
836 1105 897 1188 14.
915 1089 955 1166 &
974 1079 1069 1194 15.)
1091 1103 1208 1195 patet.

232 1198 333 1290 suno
456 1208 517 1288 14.
548 1182 698 1265 Nomen
711 1207 824 1270 enam
845 1192 991 1274 Musa
1008 1194 1280 1279 omnibusaliis
1294 1192 1466 1308 praeferri
1475 1195 1624 1307 judica·

226 1293 372 1408 {mm
394 1318 496 1394 mus,
526 1301 566 1375 ὅσ
581 1295 777 1377 cumsatS
795 1325 989 1406 nonymum
1004 1302 1086 1385 FB.
1113 1333 1202 1412 244.
1224 1304 1518 1418 antiqaaffimam
1540 1307 1623 1394 FB.

223 1373 339 1504 strio.
397 1430 488 1509 242·
516 1401 696 1512 officinale
721 1326 805 1490 Fri.
838 1435 927 1517 241.
955 1438 978 1491 a
1002 1412 1093 1495 Dea
1118 1414 1203 1497 FB.
1234 1441 1325 1525 237.
1353 1415 1418 1499 vel
1444 1416 1628 1500 Batanico

394 1512 478 1595 FB.
512 1521 601 1624 238.
623 1515 845 1622 assumtum,
875 1521 1027 1604 retineri
1053 1522 1192 1609 debere
1212 1525 1370 1608 constat.
1428 1513 1544 1610 Falsa
1562 1555 1630 1611 ve·

392 1653 437 1706 ro
457 1635 497 1709 &
517 1653 671 1709 erronea
690 1629 776 1712 sunt
795 1626 936 1715 Palma
963 1633 1047 1719 FB.
1073 1660 1163 1746 254.
1193 1635 1305 1722 Fiam
1326 1635 1410 1722 FB.
1436 1664 1526 1749 2¹4·
1548 1636 1628 1722 Pa-

392 1733 429 1815 la
453 1736 533 1820 FB.
560 1767 649 1849 229.
671 1741 902 1854 Margarita
923 1743 1006 1830 FB.
1032 1773 1122 1857 230.

654 2003 799 2134 IV.
863 2007 1359 2140 SPECIES.

225 2312 371 2392 ensa-apa.
453 2306 514 2388 15.
544 2278 761 2394 thcruptio
773 2280 916 2393 plantae
929 2282 1064 2368 nostrae
1078 2285 1246 2368 florentis
1260 2287 1418 2395 sequens
1431 2291 1495 2372 est.

215 2391 334 2479 ,onnam
446 2391 578 2476 Radix
592 2393 844 2498 subrotunda,
866 2397 1040 2500 carnosa,
1059 2396 1206 2480 annulis
1228 2397 1422 2480 nonnullis
1435 2397 1629 2503 mstinna,

217 2473 358 2624 w
390 2502 591 2587 filamentis
605 2502 778 2608 plurimis
798 2505 997 2595 mttrutta,
1025 2507 1232 2604 tprtnamas
1260 2507 1355 2582 duas
1381 2499 1461 2585 fere
1479 2503 1601 2617 longa
1612 2549 1631 2613 ,⁷

219 2627 326 2701 alote·
390 2613 554 2696 exterius
574 2607 700 2708 fusca,
727 2608 871 2688 interne
885 2603 991 2708 alba,
1009 2604 1376 2716 aquoso-subdulcia

440 2719 609 2806 Truncus
629 2717 683 2800 est
698 2713 857 2800 Culmus
882 2715 1094 2799 altitudinis
1113 2715 1309 2821 humana,
1330 2740 1447 2824 teres,
1467 2723 1627 2834 glaber,

390 2835 553 2946 squamis
568 2829 773 2914 imbricatis
786 2827 963 2931 vestitus,
991 2825 1151 2910 craffitie
1164 2828 1205 2909 in
1231 2830 1448 2941 peripheria
1460 2834 1510 2916 ad
1524 2834 1627 2923 bafin

391 2945 587 3058 spithamae
621 2942 731 3024 unius
765 2967 855 3022 cum
886 2939 1073 3042 dimidia,
1098 2939 1150 3022 ad
1175 2943 1327 3051 apicem
1353 2943 1450 3027 verb
1477 2965 1628 3035 tantum

393 3058 514 3141 unius.
558 3055 733 3168 Squama
753 3051 832 3135 ista
847 3049 997 3134 caulem
1010 3049 1250 3135 involventes
1271 3052 1510 3139 sunttunicae
1530 3059 1627 3143 cras·

390 3168 579 3270 staticula,
599 3165 712 3276 apice
730 3163 935 3266 mutilatae,
955 3191 1114 3246 numero
1133 3160 1298 3244 sedecim
1318 3165 1368 3247 ad
1389 3168 1625 3279 viginti,1‘n.

390 3279 540 3364 seriores
573 3276 797 3378 exteriores,
829 3302 902 3386 per
930 3274 1070 3467 fredus
1097 3271 1306 3376 breviores,
1333 3273 1490 3388 singulte
1523 3280 1626 3367 bafin

389 3392 492 3477 suam
504 3394 603 3479 intra
622 3386 816 3472 inferiores
829 3412 927 3468 occu
944 3405 1047 3488 tant,
1076 3405 1119 3466 ut
1139 3382 1277 3467 nullibi
1296 3386 1420 3470 nudus
1448 3389 1627 3478 videatur

390 3502 548 3586 culmus.

447 3613 552 3698 Folia
566 3609 738 3696 culmum
749 3611 973 3711 terminant,
1003 3609 1123 3722 (cum
1143 3605 1307 3715 primum
1321 3631 1623 3724 erumpuntcon·

392 3722 557 3834 voluta)
584 3750 741 3806 numero
760 3721 893 3833 saepius
920 3748 1080 3822 novem,
1108 3719 1434 3832 ovato-oblonga,
1463 3725 1624 3830 obtusa,

392 3837 458 3920 lon
488 3838 634 3923 itudine
674 3832 826 3918 circiter
859 3834 1051 3937 humana,
1093 3830 1296 3916 latitudine
1336 3835 1446 3944 podis
1487 3843 1625 3941 unius,

390 3867 534 4054 erefia,
563 3949 749 4063 patentia,
779 3943 922 4058 plana,
949 3945 1127 4030 lateribus
1154 3941 1293 4028 leviter
1313 3945 1497 4053 flaccida,
1526 3951 1624 4033 inte·

391 4065 572 4173 gerrima,
600 4062 770 4172 margine
796 4055 905 4148 fusco
940 4059 1083 4161 cintia,
1112 4055 1291 4168 utrinque
1309 4057 1441 4168 glabra
1464 4069 1505 4145 ὃς
1534 4062 1622 4146 viri·

389 4174 475 4279 dia,
504 4176 629 4261 nervis
643 4171 967 4277 transversantis,
996 4167 1418 4278 elinealongitudinali
1431 4171 1482 4256 ad
1502 4198 1622 4286 angu-

388 4280 472 4370 lum
484 4290 628 4374 reatum
641 4285 930 4400 egredientibus.
988 4285 1121 4371 Nervi
1134 4279 1334 4398 hi‘ubique
1347 4284 1505 4396 :equalis
1526 4285 1621 4369 cras·

390 4397 507 4507 rinei,
536 4400 675 4516 singuli
694 4400 818 4512 spatio
831 4398 941 4491 unius
959 4400 1099 4515 unguis
1118 4398 1219 4486 inter
1236 4401 1274 4482 se
1299 4400 1457 4503 remoti,
1484 4398 1620 4522 altemi

1548 4534 1617 4591 mr-
