3660 5512
581 605 1161 716 εΡΕΟῙΕδ.
1413 630 1473 726 27

302 826 366 912 18.
394 818 459 913 Ex
476 817 814 916 datitdisfer'entiis
840 817 969 934 (17.)
998 845 1072 933 pro
1089 815 1215 934 specie
1232 815 1608 933 distingues-’fiseo

236 933 290 1023 da
308 937 502 1052 seligerern
525 932 892 1049 praestantissumam
925 933 1145 1035 examinatis
1170 931 1266 1016 vero
1291 917 1591 1040 omnibujfj,{§¹,fs

241 1051 269 1162 (
279 1073 342 1157 17.
372 1083 406 1133 a.
433 1053 472 1131 R.
506 1075 536 1145 y.
567 1043 632 1157 t.)
660 1044 849 1130 istisnotis
862 1073 911 1129 ne
922 1043 1019 1130 ullas
1031 1053 1180 1156 reperio
1192 1044 1371 1154 genuinas
1383 1046 1469 1157 spe·

233 1157 388 1245 citieus:
416 1157 624 1242 consistunt
648 1158 751 1241 enin
767 1182 899 1242 omnes
918 1156 959 1238 itr
978 1154 1129 1259 colore,
1163 1154 1316 1263 sapore,
1343 1156 1464 1240 odore

667 1293 727 1347 uae
752 1265 891 1349 nullibi
915 1288 1086 1374 unquam
1112 1265 1276 1375 speciem
1346 1262 1464 1352 rfeue

236 1375 555 1476 damnarunt,
583 1401 636 1457 nu
681 1373 929 1459 bremmvrdr
940 1371 1086 1484 aliquas
1097 1372 1242 1484 specior
1368 1375 1468 1480 stas,

229 1483 1038 1686 qnnsufisrffl
1075 1481 1358 1568 ΜΝ
1375 1509 1465 1596 ⁹2¹·

295 1738 359 1825 19.
388 1711 505 1794 Hinc
521 1705 536 1792 s
541 1713 621 1810 18.)
656 1705 803 1792 nullam
821 1623 932 1796 sindo
949 1704 1204 1792 differendam
1223 1703 1461 1818 specificam,
1472 1755 1550 1816 M,
1580 1772 1627 1816 m,

228 1841 326 1904 cum
348 1824 509 1904 omriino
526 1819 717 1931 persuasus
742 1819 832 1923 srm,
863 1819 973 1931 quod
993 1817 1054 1904 hae
1067 1819 1191 1929 (16.)
1220 1817 1364 1929 plantae
1383 1830 1621 1910 nondiffereviae

230 1929 506 2024 sintdistinsbae
526 1930 688 2042 species,
716 1928 783 2013 sod
801 1931 1070 2014 tantummodo
1082 1929 1316 2013 variationes.
1376 1928 1606 2065 Ob-ssm'

232 2039 403 2123 servatur
421 2042 536 2123 etiam
555 2041 641 2124 haec
661 2041 822 2126 variatio
835 2045 849 2135 (
862 2044 947 2149 17.)
961 2045 1003 2124 in
1022 2038 1308 2153 Hybernaculis
1329 2039 1461 2135 Nobi„-

233 2146 303 2233 liis.
318 2152 372 2232 D.
388 2151 441 2233 D.
458 2149 594 2234 CLIF
597 2152 632 2233 F
635 2149 812 2240 ORTII
817 2213 831 2253 ,
860 2179 948 2263 quae
965 2153 1072 2234 omni
1092 2149 1188 2232 hora
1205 2149 1322 2261 potui¹
1335 2149 1463 2254 adire,

231 2259 404 2370 plantam
430 2260 664 2388 conserreu&
694 2263 928 2368 examinare,
960 2283 1006 2351 ut
1025 2263 1077 2345 de
1095 2290 1140 2344 ea
1158 2259 1383 2346 redubitare
1396 2288 1461 2343 ne-

231 2371 902 2594 qugmxcsrsgst'szqsrlenrffisismq‘urvrs
916 2479 1065 2595 Censor
1071 2480 1202 2580 ,quod
1223 2480 1365 2584 conjun
1394 2508 1460 2564 ens

230 2585 344 2670 hasce
399 2581 546 2686 lautas,
594 2496 831 2701 discedm
857 2576 1009 2664 theona
1032 2577 1105 2670 ista
1131 2578 1281 2662 dudum
1299 2612 1322 2665 a
1341 2506 1461 2700 psuri.
1562 2592 1565 2598 '

229 2696 303 2778 mis
322 2610 481 2775 assumta
493 2750 507 2792 ,
543 2713 632 2798 quae
649 2715 674 2769 e
693 2685 964 2771 variationibus
993 2688 1174 2799 Species,
1215 2718 1239 2772 e
1264 2691 1459 2804 speciebus

230 2804 400 2904 Genera,
429 2796 662 2909 egeneribus
676 2797 847 2881 Ordines
859 2797 1058 2884 constituit
1063 2846 1076 2900 5
1106 2827 1176 2884 cur
1194 2827 1273 2885 non
1290 2831 1339 2888 ex
1358 2806 1458 2890 indi·

231 2912 358 2999 viduis
373 2910 635 2999 Variationes?

289 3053 352 3108 ιο.
387 3022 629 3104 Variationes
647 3019 807 3128 quidem
818 3018 953 3213 eiures
972 3019 1080 3133 apud
1099 3020 1294 3110 Authores
1319 3055 1454 3116 occur·
1468 3081 1600 3141 Vm

226 3160 339 3239 runt,
367 3132 432 3216 sed
445 3152 699 3233 tammancae,
727 3152 806 3214 tam
833 3159 922 3215 eves
940 3144 980 3221 δι
999 3135 1145 3236 inanes,
1173 3136 1253 3217 imo
1273 3157 1351 3221 tam
1369 3141 1618 3251 pla-mussan.

229 3242 431 3347 nenullae,
459 3263 504 3325 ut
516 3243 585 3325 vix
604 3242 858 3354 microscopio
875 3245 1025 3327 armatis
1044 3245 1225 3351 sensibus,
1253 3248 1292 3332 in
1320 3250 1454 3361 planta

229 3355 324 3439 licet
343 3355 532 3458 maxinra,
567 3352 754 3436 observari
779 3376 923 3464 queant
928 3404 941 3458 3
972 3384 995 3437 a
1012 3355 1145 3467 sapore
1165 3366 1206 3442 bt
1224 3358 1355 3445 colore
1373 3361 1453 3447 fiu-

229 3467 314 3550 stus
326 3465 511 3549 desumtas
525 3465 768 3569 variationes,
796 3487 934 3578 utpote
946 3465 1044 3549 nihil
1063 3467 1207 3550 adrem
1226 3470 1452 3560 Botanicam

229 3575 433 3680 facientes,
460 3603 540 3658 non
558 3603 662 3658 curo.
708 3575 878 3658 Unicam
897 3579 1029 3690 itaque
1042 3580 1303 3665 Variationem
1323 3611 1452 3668 veram

228 3686 410 3772 innostra
425 3687 563 3800 Specie
574 3686 688 3789 novi,
717 3688 827 3795 cujus
846 3687 1054 3806 synonyma
1064 3689 1257 3804 sequentia
1269 3693 1365 3781 sunt.

287 3825 423 3884 Musa,
455 3793 573 3881 Caule
584 3797 700 3882 rubro
711 3797 904 3883 maculato.

288 3935 405 3994 nusn
432 3906 559 3992 fruuu
585 3914 830 3994 cucumerino
850 3912 1022 3996 breviori.
1053 3912 1180 3998 Pium.
1203 3943 1290 4030 gm.
1315 3944 1377 4027 24.

288 4045 411 4105 Musa
430 4020 591 4103 caudice
611 4021 828 4127 maculato,
856 4021 981 4109 fiuttu
1002 4025 1106 4109 reso
1119 4029 1286 4112 rotundo
1300 4026 1449 4113 brevio·

344 4158 385 4214 re
403 4128 577 4215 odorato,
599 4129 722 4216 Sloan.
734 4135 826 4245 flor.
854 4161 942 4248 192.
964 4135 1046 4246 hzst.
1068 4142 1236 4247 11.146.

289 4270 422 4368 rrcus
442 4241 572 4325 indica
585 4245 745 4350 ramosa,
779 4243 880 4331 foliis
895 4249 1084 4336 venustius
1110 4249 1257 4336 venosrs
1269 4314 1283 4360 ,
1317 4249 1446 4338 frusto

341 4379 497 4447 murore.
527 4352 641 4445 Plus.
656 4353 743 4445 aim.
764 4383 853 4471 145.
1100 4363 1141 4446 D
1173 4391 1195 4446 2
1383 4388 1443 4445 ιι·
