3660 5506
353 622 405 704 44
602 592 1357 685 LITTERARIA.

338 799 417 907 stet
429 825 453 880 a
467 813 573 883 terea
587 800 751 912 pertale
766 801 950 914 spatium,
980 818 1024 885 ut
1037 801 1084 886 ab
1102 803 1248 888 homine
1258 800 1402 917 decerpi
1421 805 1568 919 quidem

347 926 478 1019 queat,
492 909 559 1018 sed
569 911 865 1024 ueestnefummn
878 910 1047 995 adhibita
1060 913 1329 1024 extenstenecee
1351 919 1437 1000 eris.

336 1129 376 1238 s
404 1058 442 1214 ἓ
464 1022 561 1212 {epm
578 1019 739 1133 fruetus
758 1024 819 1107 hic
832 1023 889 1133 stt
914 1023 1169 1136 magnitudine
1197 1023 1247 1116 da
1266 1053 1306 1112 ce
1320 1050 1381 1111 ere
1406 1029 1568 1111 maxime

359 1168 361 1172 ¹
386 1158 404 1213 e
442 1158 568 1214 aras..

356 1150 438 1344 ΡΞ.
479 1243 577 1324 Cum
616 1241 812 1350 retiusfit
832 1249 995 1326 omnium
1009 1245 1265 1357 fieavifflmus.

400 1400 428 1449 r·
461 1351 559 1432 Cum
591 1352 1092 1464 eutius'transverfimseeias
1104 1357 1336 1468 representet
1348 1381 1490 1442 crucem
1503 1381 1568 1441 re·

343 1460 452 1543 bearn
469 1457 518 1549 ὠ
528 1458 648 1568 stmul
659 1462 831 1544 ambram
850 1463 1011 1545 heminis
1030 1464 1231 1572 crucifixi,
1259 1464 1361 1550 forte
1379 1467 1567 1549 rudimen·

342 1570 615 1763 p'eadseminum
649 1571 700 1652 ad
735 1570 851 1654 latera
870 1571 1214 1662 loculamentorum
1242 1575 1373 1687 posuis
1379 1637 1398 1680 ,,
1429 1575 1565 1658 adscri-

390 1707 416 1764 n
444 1707 514 1760 arn.

396 1808 436 1880 θ.
469 1791 567 1873 Cum
576 1789 737 1902 fruliui
749 1790 932 1904 decerpto,
960 1790 1375 1900 nullusaliussuecedau

397 1901 635 2011 Argumenta
660 1901 744 1983 haec
765 1902 880 1984 valde
905 1930 1040 1984 manca
1065 1901 1272 2013 relinquo,
1303 1898 1565 2012 propositurus

339 2012 516 2113 unicum,
546 2012 655 2120 quod
668 2013 787 2122 magis
801 2014 942 2094 adrem
962 2010 1094 2095 faciet,

397 2169 418 2210 ι.
452 2121 549 2203 Cum
569 2119 702 2205 Aeber
721 2127 846 2204 vetita
866 2127 907 2204 iu
926 2120 1113 2235 Paradifh
1121 2120 1251 2235 fuerit
1270 2120 1566 2206 unicasdemon·

339 2230 536 2312 stravimus
556 2232 595 2311 in
618 2234 643 2313 S
674 2231 777 2313 stem:
793 2232 840 2314 N
843 2254 937 2315 atur:
965 2231 1042 2316 obs.
1073 2233 1171 2316 Nat:
1194 2234 1335 2338 §.'1·4.
1360 2232 1468 2418 epod
1482 2232 1567 2313 uni·

338 2367 431 2423 curn.
448 2339 567 2421 modi)
589 2341 629 2419 in
663 2341 832 2422 'viduum
851 2342 1049 2440 utriusque
1073 2343 1180 2425 sexus
1201 2369 1249 2423 ex
1269 2339 1377 2446 singu
1393 2371 1416 2417 a
1441 2341 1567 2448 specie

341 2450 559 2558 plantarum
577 2446 618 2526 in
637 2442 848 2554 primordio
869 2461 1036 2523 creatum
1061 2438 1193 2526 fuerit:
1223 2442 1401 2553 illudque
1427 2447 1568 2530 deinde

338 2556 536 2639 seminibus
550 2580 642 2634 mox
654 2551 731 2633 sese
744 2547 990 2662 propagaffe,
1018 2553 1176 2634 omnino
1195 2551 1437 2636 necess'arium
1457 2558 1567 2640 vide-

339 2688 416 2749 tur:
447 2666 565 2746 hacce
584 2662 710 2744 modii
726 2662 839 2744 unica
859 2660 999 2743 Planta
1013 2683 1195 2771 excepta,
1224 2690 1312 2771 quae
1326 2691 1395 2774 per
1406 2663 1566 2776 aliquod

338 2800 418 2860 tem
447 2805 489 2858 us
502 2773 666 2857 solitaria
676 2770 832 2853 existere
845 2769 1028 2853 debuerit.
1060 2772 1151 2853 vide
1164 2773 1275 2873 §.ze
1305 2772 1363 2855 lit.
1382 2773 1433 2859 V.

433 2907 448 2971 ·,
476 2885 510 2968 F
514 2912 648 2986 rcus,
672 2911 812 2982 curus
846 2909 982 2963 rorrrs
1010 2908 1135 2964 uuna
1154 2907 1236 2968 sun
1259 2907 1436 2968 nexura
1454 2909 1563 2970 corr·

341 3024 458 3082 rona
492 3019 814 3080 nuorouuusrr.
846 2991 981 3074 Genes.
1002 3019 1090 3074 111:
1124 3019 1159 3101 3.
1192 2992 1359 3104 Cumque
1378 2997 1565 3189 cognevff·

336 3105 496 3221 fentsefe
510 3104 648 3206 nudes,
679 3130 744 3187 een·
758 3119 894 3185 nerunt
902 3099 1005 3215 folia
1019 3100 1149 3203 Ficus,
1164 3096 1213 3190 de
1223 3098 1479 3214 feceruntstbi
1530 3133 1564 3189 e·

338 3225 545 3303 eizemate.
579 3214 740 3296 Plurimi
754 3214 934 3314 credunt,
948 3211 1087 3294 Ficum
1108 3213 1226 3321 (pag.
1243 3207 1316 3318 4.)
1335 3212 1434 3295 hanc
1454 3213 1564 3299 fuisse

338 3331 497 3413 eandem
511 3326 699 3438 plantam,
729 3351 850 3432 quum
863 3322 973 3429 hujus
986 3320 1088 3403 foliis
1100 3319 1206 3402 nulla
1219 3323 1365 3432 aptiora
1407 3352 1451 3405 ro
1465 3329 1564 3435 peti·

342 3439 553 3523 zomatibus
567 3435 695 3516 haberi
715 3455 880 3542 queant,
908 3441 948 3515 &
962 3434 1076 3513 varia
1090 3452 1222 3541 gentes
1229 3433 1365 3534 ‚etiam
1377 3350 1455 3516 ξος
1469 3456 1562 3518 tem·

341 3579 460 3662 pore,
486 3546 555 3628 ista
573 3544 668 3626 folia
693 3571 765 3652 pro
791 3540 1031 3652 subligaculis
1058 3563 1190 3651 gerant
1209 3543 1277 3648 (§.
1302 3539 1396 3652 28.)
1403 3591 1416 3644 3
1454 3547 1563 3654 quod

339 3659 465 3744 multo
479 3653 711 3768 probabilius
725 3652 897 3755 videtur,
927 3651 1106 3762 quamde
1120 3648 1222 3735 foIiis
1238 3649 1355 3737 Ficus
1375 3652 1562 3766 vulgaris,

341 3794 386 3855 ut
399 3770 560 3881 putores
575 3762 724 3848 volunt.

397 3883 442 3965 C.
495 3902 588 3960 uun
636 3902 660 3955 ra
714 3898 864 3957 runnu
920 3898 1100 3956 canaan
1142 3898 1171 3954 a
1215 3899 1393 3958 umorue
1438 3900 1559 3958 vrms

342 4010 717 4079 nurus-nonum:
748 3984 913 4066 Numer.
928 3983 1047 4067 XIII:
1065 4010 1127 4094 23.
1157 3981 1361 4095 Pergentes
1380 3981 1491 4097 usqae
1510 3983 1563 4067 ad

342 4096 671 4186 iterantem-botri
677 4093 743 4199 ,ab
760 4092 955 4177 caederent
959 4092 1156 4206 palmitem
1169 4120 1252 4178 cem
1265 4121 1345 4177 aaa
1344 4093 1559 4208 [πψτη

329 4224 584 4328 portaverunt
597 4212 698 4293 irrue
736 4209 752 4290 i
763 4203 946 4294 deeVe'ri.
1005 4202 1451 4294 Uvamhancdenostra
1462 4207 1557 4399 Mes:
