3660 5506
368 571 400 663 6
691 566 1244 661 NOMINA.

371 800 499 868 autem
513 779 692 868 Botansci
719 777 799 869 fere
817 811 949 873 omnes
975 783 1016 871 in
1047 781 1322 872 consuetudine
1347 778 1511 870 habuere
1536 811 1606 872 no·

371 897 475 980 mina
494 895 635 1010 plantis
655 896 888 1011 imponenda
908 898 1082 986 eGraeca
1101 897 1166 986 vel
1187 898 1326 984 Latina
1344 895 1479 1011 lingua
1497 898 1608 986 desu-

369 1033 492 1114 mere,
505 1030 623 1120 atque
642 1010 840 1122 peregrina
849 1039 899 1096 ex
919 1009 1001 1097 aliis
1021 1010 1076 1098 lin
1129 1012 1160 1097 is
1179 1011 1340 1098 oriunda
1359 1013 1510 1095 nomina
1533 1010 1606 1093 dis·

370 1143 565 1232 pungere,
578 1120 729 1230 aliaque
742 1122 1069 1207 ineorumlocum
1077 1039 1320 1223 sdbstituere,
1349 1119 1495 1205 necesse
1514 1122 1605 1227 erit,

368 1251 416 1314 ut
429 1249 496 1315 aut
515 1233 704 1339 rejiciatur
723 1228 848 1314 hocce
867 1259 1027 1336 nomen,
1057 1228 1123 1315 vel
1142 1230 1217 1310 alia
1236 1231 1500 1317 introducatur
1526 1253 1610 1346 ety-

371 1343 552 1454 mologia.

429 1472 467 1559 β.
498 1453 595 1564 Quo
614 1453 737 1537 minus
756 1453 911 1536 nomina
935 1472 1149 1558 mutentur,
1176 1481 1225 1537 eo
1251 1454 1434 1538 minorem
1459 1455 1612 1567 pariunt

369 1567 588 1649 exercitatis
607 1566 677 1648 diu
696 1565 737 1648 in
763 1587 845 1648 arte
864 1567 971 1652 Viris
998 1562 1269 1651 difficultatem
1276 1615 1289 1668 3
1319 1565 1431 1671 hinc,
1459 1566 1510 1649 ad
1529 1568 1609 1650 evi·

373 1676 530 1760 tandam
561 1675 679 1766 talem
710 1676 1017 1780 innovationem,
1046 1678 1175 1787 potius
1216 1676 1428 1760 derivarem
1469 1705 1608 1762 nomen

373 1787 500 1873 Musae
515 1817 604 1872 curn
622 1788 657 1872 F
660 1786 877 1871 ranciscano
897 1785 988 1892 isto,
1017 1815 1135 1897 quern
1161 1787 1262 1870 ridet
1288 1788 1446 1872 Garzias
1473 1789 1612 1901 (apud

374 1896 602 2009 Clusrum),
638 1901 780 1982 aDnn
802 1897 871 1983 ista
896 1921 1070 1983 veterum
1097 1900 1259 2003 Musn,
1294 1927 1383 1983 cum
1413 1901 1610 2019 Sapientes

372 2009 602 2202 unsurum
628 2009 702 2093 sem
733 2038 775 2094 er
799 2005 994 2119 cultores)
1024 2009 1131 2123 apud
1157 2010 1276 2094 Indos
1303 2011 1447 2124 planta
1475 2011 1609 2097 nostrae

393 2121 501 2208 sustu
516 2124 647 2207 vivere
714 2144 918 2229 neverunt,
946 2120 1041 2206 teste
1053 2119 1194 2210 Plinio.
1254 2123 1356 2229 Vel,
1384 2122 1518 2208 fihaec
1532 2150 1609 2209 non

372 2235 548 2317 omnibus
561 2234 732 2346 placeret
739 2261 781 2338 ,a
797 2235 990 2319 Botanico
1002 2237 1185 2348 antiquo,
1214 2235 1332 2348 Musa
1345 2236 1461 2320 didio.

424 2372 460 2445 .γ.
502 2346 736 2458 Perpetuum
756 2374 833 2428 non
854 2348 977 2430 modo
1004 2346 1058 2459 est
1078 2349 1118 2430 in
1146 2349 1369 2440 Botanicis,
1404 2346 1470 2420 sed
1498 2344 1611 2429 facile

369 2452 486 2533 etiam
500 2457 540 2529 in
553 2445 727 2527 omnibus
741 2445 823 2525 aliis
836 2443 1022 2544 scientiis,
1043 2469 1084 2522 rn
1099 2442 1292 2556 Physicis,
1314 2447 1611 2563 Physrologicis,

373 2558 672 2671 Therapeuticis
687 2566 761 2640 &c
783 2575 827 2636 ut
843 2556 929 2640 Viri
943 2554 993 2636 de
1005 2553 1163 2635 scientia
1175 2553 1305 2664 aliqua
1319 2557 1415 2641 bene
1427 2567 1551 2648 meriti
1570 2568 1611 2649 in

371 2673 437 2756 sua
450 2693 530 2755 arte
545 2669 750 2754 reddantur
762 2664 949 2771 celebres,
969 2693 1037 2777 per
1050 2692 1094 2746 ea
1107 2691 1195 2774 quoe
1208 2663 1360 2753 strenue
1372 2676 1610 2784 peregerint,

372 2784 477 2867 idem
489 2783 604 2866 ctiam
616 2783 656 2864 in
670 2779 866 2865 Botanicis
880 2805 948 2906 per
961 2797 1021 2859 tot
1034 2796 1136 2861 retro
1155 2775 1280 2860 secula
1297 2779 1488 2866 servatum
1500 2788 1610 2873 novi·

373 2924 479 3002 mus,
498 2896 564 2978 ubi
590 2914 650 2977 tot
675 2891 820 3018 egregii
834 2891 941 2994 Vrri,
961 2917 1033 3001 pto
1052 2888 1198 2972 summo
1218 2889 1306 2996 suu,
1327 2901 1366 2977 &
1394 2921 1464 3005 per
1490 2918 1611 2981 totam

375 3011 497 3091 vitam
510 3007 773 3118 impigerrrmo
785 3000 935 3105 labore,
955 2999 1075 3084 modo
1096 3001 1294 3085 obtineant
1314 3003 1401 3088 vilis
1457 3005 1568 3092 lantae
1588 3038 1612 3093 a

374 3120 633 3204 sederivatum
646 3141 796 3198 nomen.
820 3111 1428 3224 Heulevepretiumprotantola
1480 3121 1612 3226 re,sed

374 3257 494 3342 quam
518 3249 668 3342 gratum
688 3222 910 3335 accipienti!
925 3221 1073 3416 plantae
1087 3223 1188 3306 enim
1207 3228 1412 3336 quotannis
1425 3254 1585 3342 pereunt
1596 3295 1612 3340 ,

375 3341 442 3425 sed
455 3342 569 3425 etiam
582 3337 785 3450 quotannis
805 3332 924 3419 revire
941 3354 1055 3438 cunt,
1067 3344 1108 3420 &
1122 3336 1275 3421 suavem
1294 3340 1435 3450 spirant
1454 3341 1612 3430 celebris

375 3453 554 3537 Botanici
575 3451 731 3560 alicujus
746 3474 894 3530 nomen.
930 3446 1039 3528 Hinc
1053 3474 1131 3530 non
1145 3452 1449 3560 praetereundam
1475 3455 1612 3539 censeo

375 3564 599 3648 memoriam
614 3559 835 3645 Medici&
862 3556 1042 3640 Botanici
1061 3560 1159 3643 inter
1191 3563 1333 3672 primos
1361 3563 1612 3651 Celeberrimi

376 3679 573 3762 Aunouu
595 3675 749 3776 Musa,
776 3667 826 3754 de
845 3666 1023 3754 Betonica
1048 3671 1160 3776 clari,
1180 3673 1251 3784 qui
1271 3674 1431 3784 quidem
1450 3675 1544 3761 olim
1563 3677 1612 3761 ab

377 3787 558 3903 Augusto
584 3784 705 3868 statua
725 3785 865 3870 Romae
884 3804 1040 3867 ornatus
1059 3805 1158 3889 erat,
1178 3782 1246 3868 sed
1270 3785 1355 3868 haec
1376 3779 1525 3870 dudum
1543 3817 1611 3902 pe·

377 3901 461 4005 tiit,
482 3900 752 4015 plantaautem
772 3894 899 3980 nostra
912 3922 1050 3980 nomen
1070 3898 1165 3980 tanti
1185 3897 1257 3980 viri
1278 3919 1405 4011 gerat,
1424 3902 1611 4010 quamdiu

376 4016 479 4099 orbis
499 4011 690 4125 persistat,
709 4031 926 4094 evertantur
952 4009 1053 4092 enim
1079 4007 1186 4095 urbes
1207 4019 1248 4095 &
1269 4010 1522 4116 munimenta,
1542 4011 1610 4098 de-

377 4125 528 4210 leantur
559 4153 695 4239 regna,
728 4123 956 4206 marcescant
983 4120 1133 4227 statuae,
1159 4123 1243 4205 haec
1269 4144 1397 4206 autem
1422 4122 1609 4235 quamdiu

375 4236 515 4350 aliquis
547 4238 596 4324 de
622 4237 763 4353 plantis
794 4234 977 4321 sollicitus
1009 4234 1083 4343 stt,
1118 4263 1256 4322 nomen
1290 4235 1414 4325 Musae
1453 4235 1608 4322 exhibe·

379 4351 445 4434 bit.

1526 4468 1605 4556 Pn-
