3660 5506
312 595 362 704 3⁶
544 588 1258 680 xrrnrnnrn

369 845 394 882 ι.
427 799 533 882 Cum
546 800 712 909 primum
726 800 883 912 legerim
895 803 1000 914 apud
1013 801 1202 907 authores,
1210 799 1320 913 quod
1334 799 1538 887 Seminain

311 909 385 992 hac
401 911 539 995 Planta
549 907 740 1020 deficerent
755 916 776 1024 (
785 912 840 994 H:
856 913 954 997 Mal:
963 913 1001 1024 ),
1015 915 1080 998 vel
1093 914 1442 998 rudimentaoorum
1455 938 1543 998 tan*

308 1024 511 1104 tummodo
524 1023 689 1104 adellent
703 1022 911 1134 (Plana),
942 1032 1009 1109 vix
1027 1027 1140 1108 risum
1159 1047 1285 1108 tenere
1298 1028 1430 1137 potui,
1459 1055 1538 1108 cer·

312 1154 374 1214 tus
391 1135 442 1214 D.
468 1133 523 1215 T.
541 1135 595 1215 Ο.
612 1133 709 1214 nrlril
722 1138 762 1215 in
776 1135 915 1217 callum
937 1137 1093 1240 creasse,
1132 1163 1203 1219 nec
1222 1136 1341 1219 ullam
1363 1137 1539 1219 Plantam

312 1242 489 1324 ullumve
503 1243 775 1324 animalculum
794 1246 992 1328 seminibus
1013 1245 1248 1349 destituiffe,
1282 1267 1540 1356 aeternamque

314 1353 418 1433 hanc
431 1351 576 1464 legem,
606 1362 646 1435 ὃ(
665 1375 804 1436 aterna
824 1355 970 1436 foedera
991 1359 1090 1438 vivis
1110 1356 1284 1438 omnibus
1304 1354 1540 1465 imposuiffe3

315 1490 405 1543 cum
434 1485 560 1542 autem
581 1464 745 1542 viderim
773 1467 887 1573 primi
906 1468 1154 1570 matrimonii,
1168 1469 1456 1577 primorumque
1470 1466 1543 1546 fla

312 1601 398 1654 rum
417 1571 574 1653 feminas
594 1573 814 1654 maritorum
832 1576 983 1658 suorum
1008 1574 1141 1658 officio
1169 1575 1344 1681 destitui,
1373 1587 1413 1661 &
1433 1578 1542 1658 mari·

310 1705 371 1765 tos
399 1684 587 1792 sequentis
641 1683 797 1766 thalami
821 1746 835 1786 ,
871 1684 921 1764 ad
955 1688 1113 1796 poilcffa
1148 1688 1278 1767 venire
1333 1709 1545 1797 precepta·

311 1822 392 1902 que
412 1795 552 1905 gaudia
592 1795 709 1897 seros,
739 1795 852 1877 risum
866 1799 991 1898 tenui,
1020 1807 1059 1880 &
1072 1797 1278 1877 meridiana
1297 1795 1385 1875 luce
1406 1798 1544 1877 clarius

311 1906 505 2008 intellexi,
518 1907 627 2013 quod
642 1905 749 1985 nulla
760 1906 899 1986 semina
912 1904 1079 2015 perfetta
1090 1905 1309 2015 unquamin
1324 1903 1397 1985 hae
1417 1906 1543 2015 specie

313 2015 468 2124 prodire
481 2036 643 2124 queant,
673 2016 742 2097 nisr
755 2015 883 2126 plures
898 2014 1046 2099 Plantae
1059 2016 1168 2098 simul
1182 2015 1315 2125 posita
1330 2017 1467 2100 eodem
1486 2013 1544 2098 fe-

315 2147 544 2235 retempore
558 2125 758 2230 florerent,
788 2124 851 2208 vel
865 2128 982 2208 altera
994 2155 1063 2239 per
1075 2127 1226 2237 aliquot
1240 2126 1322 2208 dies
1338 2125 1471 2237 serius,
1498 2145 1544 2209 ut

316 2263 393 2318 una
406 2259 490 2319 tum
502 2238 541 2318 in
555 2237 710 2317 alteram
730 2264 840 2347 agere
859 2237 993 2349 pollet.
1053 2238 1206 2322 Deinde
1228 2239 1405 2320 Sunnnus
1435 2238 1544 2320 Con·

317 2346 444 2449 dtor‚
474 2368 655 2455 quantam
683 2347 888 2428 utilitatem
914 2348 1083 2430 humano
1111 2348 1240 2449 generi
1265 2344 1433 2428 adferret
1458 2347 1546 2428 haec

315 2455 476 2558 Planta,
504 2484 530 2537 ο
561 2456 655 2535 time
668 2449 901 2560 praevidens,
930 2447 1002 2530 soli
1021 2447 1169 2531 homini
1187 2448 1288 2532 forte
1309 2454 1384 2563 (ut
1397 2456 1544 2537 Avium

314 2561 465 2677 Vasti.)
494 2483 638 2672 pidmae
658 2561 769 2666 hujus
795 2585 817 2638 e
842 2557 997 2639 distanti
1025 2558 1343 2671 propagationem
1386 2566 1547 2645 commi-

314 2673 391 2777 stt,
421 2671 618 2783 quaelicet
638 2667 837 2752 seminibus
858 2666 1101 2771 destituatur,
1129 2692 1291 2751 tamena
1305 2692 1460 2754 centum
1479 2701 1544 2757 am

310 2787 375 2866 nis
389 2810 461 2895 per
473 2804 594 2865 totam
608 2780 826 2864 Americam
839 2779 1001 2890 dispersa
1013 2778 1078 2860 est.
1138 2779 1272 2862 Radix
1290 2783 1393 2863 enim
1413 2809 1547 2892 peren

314 2915 403 3000 nat,
433 2895 554 2978 caulis
565 2894 663 2980 verti
678 2891 731 2977 ibi
744 2891 850 2973 omni
863 2919 964 2973 anno
984 2888 1166 2972 excrescit
1171 2954 1186 2995 ‚
1215 2887 1333 2974 ssoret
1357 2919 1403 2973 ac
1423 2896 1547 3006 perit,

315 3015 379 3108 δε,
410 3009 525 3090 etiam
545 3006 644 3087 citra
663 3002 783 3086 ullam
801 2999 1102 3105 floresc'entiam,
1131 3028 1253 3085 novos
1274 3001 1438 3086 stolones
1457 3033 1544 3088 exe·

314 3117 386 3219 rit,
414 3118 551 3227 quibus
565 3114 812 3225 multiplicari
833 3111 960 3224 potest
967 3160 981 3215 t
1017 3110 1144 3224 potest
1164 3114 1335 3196 itidema
1354 3114 1544 3202 radicibus

315 3228 489 3336 separatis
504 3228 543 3308 in
557 3226 684 3337 plures
699 3224 837 3308 dividi.

370 3357 396 3440 ς.
428 3339 532 3421 Inter
543 3357 674 3420 'omnes
686 3364 779 3445 quas
799 3335 881 3419 vidi
904 3333 1077 3440 Plantas,
1096 3335 1137 3416 in
1155 3331 1259 3416 nulla
1286 3353 1365 3415 tam
1383 3360 1546 3451 magna,

311 3450 485 3568 respettu
504 3442 635 3550 floris,
670 3449 839 3557 germina
864 3445 929 3528 vel
949 3447 1104 3528 Ovaria
1115 3507 1130 3549 ,
1155 3444 1352 3528 observavi
1372 3473 1545 3558 unquam

318 3562 482 3651 floribus
495 3556 740 3658 antecellrlle,
769 3584 813 3638 ac
826 3559 867 3638 in
880 3556 954 3638 hac
967 3558 1101 3639 nostra.

376 3715 390 3756 0
434 3671 650 3754 Staminum
662 3667 841 3749 struetura
854 3670 894 3749 in
906 3668 1063 3750 floribus
1083 3665 1273 3750 femininis
1289 3665 1452 3751 maxime
1470 3666 1542 3753 sin·

325 3786 465 3897 gularis
494 3779 572 3863 est:
604 3780 771 3864 Stamina
784 3777 930 3861 scilicet
949 3780 1032 3883 sex,
1060 3798 1125 3860 aut
1158 3777 1320 3888 aequalia
1332 3842 1346 3883 ,
1371 3775 1542 3863 filamen·

322 3899 373 3980 tis
397 3893 486 3980 solis
511 3890 739 3992 constrata,
754 3911 820 3971 aut
831 3890 1052 4000 inaequalia,
1066 3891 1239 4001 quinque
1250 3888 1450 3974 filamentis
1462 3916 1546 3974 ero

326 4007 398 4090 &is
408 4002 638 4089 brevioribus
644 4066 659 4106 ,
659 4001 774 4116 sexto
782 4000 906 4112 duplo
925 4000 1108 4115 longiori,
1127 4001 1285 4086 anthera
1312 4000 1459 4114 polline
1471 4002 1550 4087 ste·

325 4119 414 4222 rili,
446 4114 645 4216 instrutlo3
661 4115 796 4226 quaein
817 4113 891 4195 alia
909 4141 1104 4224 nunquam
1116 4111 1311 4200 observata
1323 4115 1413 4197 scio.

377 4261 414 4312 ι.
442 4227 673 4315 Neelatr'um
701 4228 742 4313 in
760 4224 934 4316 omnibus
954 4225 1115 4314 floribus
1128 4223 1317 4314 femininis
1335 4221 1541 4338 copiofillr

1435 4361 1547 4420 mum
