3660 5506
325 660 377 743 40
704 634 1208 730 Usus,

381 874 412 937 γ.
442 837 1046 952 Pultemparant‚cumfn1&um
1067 868 1268 957 coquunt,
1296 850 1554 958 decorticant,

325 951 494 1062 pinsunt,
508 963 584 1038 &c
600 975 644 1036 ut
656 953 703 1036 stt
715 953 902 1038 ferculum
918 959 1113 1042 stomacho
1128 971 1167 1046 &
1181 961 1313 1071 palato
1324 981 1485 1073 gratum.

385 1082 417 1147 t.
450 1062 644 1148 Ferculum
664 1095 686 1149 e
705 1066 831 1152 fructu
852 1098 940 1151 curn
960 1100 1079 1183 oryza
1100 1073 1231 1175 costo,
1259 1100 1461 1157 commune
1482 1074 1555 1158 esse

327 1172 448 1255 fertur
462 1174 502 1255 in
518 1172 657 1287 Mogol.

385 1325 410 1368 e.
441 1283 613 1396 Piscibus
625 1287 779 1369 additur
791 1286 934 1374 fruuus
941 1353 955 1394 ,
985 1316 1151 1399 cumque
1171 1293 1215 1372 iis
1230 1294 1462 1400 coquitur&
1478 1294 1559 1375 edi·

326 1411 389 1475 tur
407 1395 447 1473 in
461 1395 589 1477 insulis
603 1396 803 1480 Maldivin

386 1507 421 1589 i·
449 1499 636 1587 Elixatus
648 1508 687 1586 in
701 1509 832 1615 patina
843 1509 947 1617 prius
968 1506 1167 1592 conscissus
1180 1507 1323 1593 fructus
1330 1573 1344 1614 ,
1371 1514 1476 1593 omni
1490 1510 1559 1592 ho·

330 1613 424 1697 mini
440 1614 666 1723 gratissimus
680 1616 735 1698 est
749 1617 866 1700 cibus.

383 1761 409 1808 n.
440 1722 597 1807 bi'cuum
609 1726 699 1809 loco
712 1726 866 1810 inservit
878 1726 1020 1811 fructus
1034 1728 1366 1840 longitudinoliter
1385 1726 1566 1814 diffeduo

326 1844 368 1918 δε
382 1838 422 1918 in
435 1835 513 1918 sole
527 1839 745 1919 exsiccatus.

383 1963 421 2036 n.
452 1946 514 2027 Ni
544 1947 576 2028 ri
590 1946 1086 2057 AEthiopesoptimesciunt
1100 1947 1411 2055 variajuscula&
1425 1946 1551 2031 fercu-

325 2052 432 2138 laex
451 1973 575 2139 fruiku
597 2056 720 2140 hocce
740 2086 896 2168 parare,
926 2058 1027 2167 gulae
1048 2059 1167 2167 magis
1186 2059 1414 2160 arridentia,
1444 2087 1561 2168 quam

326 2165 559 2250 selediffima
579 2167 703 2250 nostra
726 2167 897 2273 bellaria,
925 2189 970 2251 ut
990 2169 1187 2251 invideant
1214 2166 1293 2252 fere
1319 2170 1458 2280 Nigris
1485 2168 1561 2250 istis

327 2277 486 2359 delicias
501 2280 567 2358 has
582 2278 773 2388 Europaei.

389 2433 410 2469 ι.
443 2385 597 2469 Crrrdus
616 2387 761 2466 fruetus
781 2408 882 2461 tanen
906 2390 1090 2467 stravitate
1110 2387 1287 2485 excellit,
1316 2409 1360 2465 ut
1381 2389 1445 2466 vix
1466 2385 1562 2468 alius

329 2523 419 2578 cum
445 2495 517 2576 illo
544 2492 771 2602 :equiparari
791 2508 934 2599 queat,
964 2487 1118 2596 pinguis
1137 2493 1238 2569 enim
1268 2490 1349 2591 est,
1378 2494 1474 2574 bene
1494 2523 1563 2575 nu·

329 2607 464 2705 triens,
493 2624 712 2711 penetrans,
742 2622 786 2681 ut
805 2604 904 2680 inter
931 2595 1085 2678 bellaria
1111 2599 1276 2680 asumto
1303 2604 1465 2705 prandio
1485 2606 1563 2710 pri·

327 2743 432 2796 mum
446 2733 575 2794 teneat
590 2710 730 2792 locum.
764 2709 917 2818 Colligi
930 2706 995 2789 vel
1008 2706 1181 2790 dissecari
1195 2709 1309 2790 debet
1326 2739 1493 2792 racemus
1513 2742 1562 2796 ex

327 2825 458 2909 arbore
464 2849 573 2927 ,cunr
587 2820 792 2903 flavescere
805 2819 942 2928 incipit
956 2827 996 2900 &
1010 2820 1144 2926 reponi
1157 2846 1203 2900 ac
1218 2818 1392 2929 suspendi
1411 2823 1451 2903 in
1471 2819 1563 2905 loco

329 2932 578 3018 calidiusculo
590 2996 604 3036 ,
640 2934 765 3013 donec
798 2953 900 3014 totus
926 2927 1051 3011 ssavus
1083 2928 1185 3031 fiat,
1227 2929 1366 3011 deinde
1399 2935 1562 3018 comedi.

330 3049 379 3131 N
380 3075 433 3128 on
447 3047 515 3127 diu
531 3047 570 3123 in
586 3043 704 3125 Indiis
717 3045 829 3125 durat
844 3051 882 3126 ὃς
898 3040 965 3122 vix
978 3037 1078 3121 ultra
1103 3038 1328 3149 vigesimum
1346 3041 1450 3124 diem
1471 3071 1563 3126 con·

330 3157 466 3242 servari
480 3153 616 3266 potest.

389 3313 418 3353 κ.
453 3269 595 3348 Vinum
615 3292 663 3346 ex
683 3262 834 3365 frudu,
871 3261 978 3371 quod
1000 3259 1183 3342 Couscou
1203 3282 1367 3364 vocant,
1404 3262 1565 3344 confici·

332 3380 447 3464 turin
469 3372 734 3485 Madagascar.

390 3521 423 3570 n.
454 3487 596 3568 Potum
610 3487 648 3566 in
658 3483 850 3567 Barbados
865 3480 1177 3591 adstringentem,
1191 3502 1235 3563 ut
1248 3481 1380 3563 vinum
1395 3481 1446 3564 de
1465 3485 1562 3568 sace.

331 3599 502 3700 distum,
518 3597 724 3703 coquendo
737 3593 904 3676 fruetum
918 3619 1007 3672 cum
1026 3620 1152 3701 aqua,
1182 3613 1324 3702 parant.
1359 3591 1434 3675 Vel
1450 3600 1564 3676 etiam

333 3709 499 3820 Pulpam
511 3704 653 3787 fruetus
667 3733 767 3814 aqua
778 3703 957 3803 miscent,
977 3702 1026 3783 ad
1043 3702 1323 3786 consrstentiam
1335 3702 1459 3784 mellis
1466 3705 1564 3786 satu·

331 3842 436 3923 rant,
465 3838 656 3927 reponunt
663 3863 675 3916 3
706 3816 835 3925 liquor
855 3812 1046 3896 subsidens
1063 3841 1085 3892 a
1104 3815 1262 3896 foecibus
1290 3814 1565 3922 supernatanti-

332 3930 401 4012 bus
427 3932 678 4029 decantatur,
707 3929 877 4009 servatur
890 3925 928 4004 in
944 3923 1071 4026 usum,
1100 3932 1137 4007 ὃ(
1158 3925 1322 4034 vulgaris
1343 3924 1398 4005 est
1417 3952 1486 4034 per
1504 3947 1565 4006 to-

333 4064 412 4124 tam
431 4039 512 4121 fere
533 4038 763 4120 Americam.
826 4036 945 4119 Porus
960 4056 1083 4115 autem
1106 4033 1264 4116 hicnon
1280 4034 1348 4116 diu
1371 4034 1565 4117 conserva-

334 4153 366 4235 ti
379 4149 531 4261 potest,
560 4147 648 4259 post
668 4146 949 4260 nytihemeram
968 4147 1068 4226 enim
1088 4146 1255 4250 acescit,
1271 4145 1404 4256 qui‚s1
1425 4145 1565 4227 deinde

334 4265 373 4348 in
393 4260 471 4345 sole
484 4284 667 4371 ponatur,
679 4262 870 4374 optimum
883 4258 952 4341 erit
965 4277 1115 4341 acetum

1451 4362 1564 4454 Plura
