3660 5506
538 681 1270 769 nrrnnnnnrn
1445 704 1499 789 m

283 884 320 963 sa
333 881 624 992 interpretantur
637 878 810 990 plurimi,
840 904 927 958 cum
941 875 1024 958 haec
1043 879 1083 959 in
1092 875 1214 958 Terra
1227 874 1352 956 sansta
1364 886 1500 955 bccur·

284 1012 342 1073 rat
360 993 383 1103 (
391 995 427 1091 §.
446 984 642 1099 22.),nec
654 990 734 1073 ulla
747 1018 823 1072 uva
839 990 926 1070 vitis
942 1009 1019 1070 tarn
1033 1016 1169 1101 magna
1190 984 1302 1067 facile
1316 985 1379 1087 srt,
1408 1005 1451 1066 ut
1479 1012 1501 1064 a

282 1103 431 1183 duobus
451 1102 589 1185 debeat
603 1103 750 1211 portari
764 1099 1006 1202 hominibus,
1043 1101 1108 1181 sed
1128 1098 1244 1181 Musa
1265 1096 1397 1205 scepius
1425 1116 1504 1175 tam

281 1238 419 1322 magna
431 1213 470 1292 in
484 1210 559 1293 istis
577 1212 671 1295 locis
684 1212 881 1295 excrescat.

339 1325 390 1403 D.
424 1348 604 1407 oubam
620 1325 754 1404 Genes:
771 1349 854 1429 cap.
870 1320 1013 1401 XXX.
1043 1318 1141 1428 quod
1153 1317 1285 1398 Rreben
1298 1321 1506 1426 collegerat,

281 1427 384 1513 dedit
410 1431 670 1541 aematrisuae
686 1431 796 1530 Leae,
826 1450 900 1540 pro
927 1455 998 1538 quo
1020 1429 1103 1510 Lea
1123 1456 1147 1509 a
1169 1423 1329 1509 Rachele
1350 1423 1505 1509 redemit

269 1537 379 1644 flbit
426 1544 464 1621 ri
466 1538 611 1651 socium
620 1537 811 1645 Jacobum
823 1559 890 1646 per
903 1537 1044 1618 nossem
1051 1584 1063 1635 ⁵
1094 1537 1145 1615 de
1159 1535 1284 1616 Musae
1306 1535 1428 1616 baccis
1448 1538 1505 1614 in·

283 1648 479 1733 tellestum
499 1649 587 1731 vult
608 1646 894 1732 Scheuchzerus
913 1649 953 1728 in
974 1645 1082 1758 phys.
1106 1645 1195 1727 sacr.
1224 1643 1323 1754 belg.
1353 1665 1443 1726 tom.
1470 1675 1505 1726 2.

282 1759 356 1841 tab.
376 1765 440 1870 89.
456 1769 494 1844 &
511 1758 588 1841 alii.
684 1766 689 1777 ’

337 1868 389 1950 Ε.
411 1895 652 1972 ARBOREM,
670 1898 810 1970 ctrJus
836 1896 1045 1955 rnucrus
1071 1893 1309 1951 murreus
1325 1892 1378 1947 nn
1394 1868 1511 1949 Aba·

283 2006 465 2063 xnuono
492 2006 603 2062 ru1n
626 2008 914 2065 nnourm‘rus.
937 1979 1028 2062 vide
1049 1976 1203 2089 Theoph.
1227 1974 1276 2064 <h
1297 1974 1400 2058 Plin.
1417 1982 1452 2078 §.
1472 2005 1506 2086 3.

283 2086 405 2196 nostra
416 2116 436 2199 3
446 2113 482 2198 ς.
495 2115 523 2171 ⁶.
538 2113 577 2174 R.
587 2117 677 2170 curn
690 2090 814 2171 nostra
826 2089 960 2199 planta
972 2089 1132 2170 eandem
1146 2082 1255 2167 fuisse
1269 2087 1510 2168 consentiunt

282 2223 424 2281 omnes.
455 2199 577 2282 Ratio
599 2228 668 2282 cur
681 2198 904 2309 prohibuit,
920 2219 1018 2301 erat,
1054 2198 1165 2307 quod
1184 2194 1326 2276 frustm
1340 2196 1452 2278 avide
1466 2206 1507 2280 &

283 2309 439 2417 copiose
458 2310 506 2390 ab
532 2311 733 2391 inadsuetis
759 2309 940 2392 militibus
964 2312 1169 2391 devoratus
1189 2306 1441 2410 excitaverit,
1468 2309 1509 2387 in

284 2415 396 2498 certis
417 2419 733 2525 praesertimlocis
752 2481 766 2520 ,
795 2418 985 2522 colicam,
1029 2417 1191 2499 tormina
1216 2423 1256 2497 &
1276 2412 1507 2516 diarrhoea,

282 2522 386 2614 forte
404 2523 519 2648 etiarn
539 2527 649 2628 quod
669 2545 763 2626 apra
780 2530 900 2626 magis
923 2528 1053 2600 veneri
1079 2525 1214 2603 reddat
1234 2549 1352 2630 quam
1372 2552 1510 2635 corpo·

285 2653 462 2722 ramartr.

339 2741 383 2824 F.
416 2742 564 2824 Crnus
584 2764 843 2822 sementum
874 2766 1023 2821 ruore.
1044 2737 1136 2820 vide
1155 2733 1309 2850 Theoph.
1334 2738 1382 2831 dr
1403 2742 1512 2829 Plin.

289 2881 324 2935 1.
340 2850 463 2955 nostra
480 2877 542 2959 33.
572 2876 665 2929 num
686 2876 757 2958 per
777 2850 959 2959 sapientes
980 2848 1068 2929 istos
1088 2848 1345 2937 intellexerint
1372 2853 1509 2937 seuam

285 2959 392 3042 istam
406 2961 519 3041 etiam
538 2959 750 3042 hodienum
769 2958 973 3068 sapientem
987 2956 1130 3039 diuam
1149 2960 1252 3069 apud
1266 2960 1403 3065 Indos,
1417 2992 1511 3048 num

285 3069 424 3173 aliam,
452 3070 698 3151 determinare
711 3096 873 3178 nequeo,
920 3069 1010 3150 Scio
1029 3088 1155 3150 tamen
1173 3069 1283 3151 illum
1303 3073 1509 3181 sapientem

285 3179 379 3283 else,
408 3181 478 3288 qui
497 3181 659 3289 propriis
682 3179 788 3260 bonis
795 3241 808 3281 ,
837 3206 909 3263 nec
937 3175 1045 3259 mille
1066 3180 1155 3259 vitae
1176 3181 1355 3289 periculis
1375 3189 1513 3294 acqui--

286 3289 363 3372 srtis
384 3354 397 3394 ‚
427 3310 631 3372 contentus
655 3290 763 3371 vivat
770 3351 784 3392 ,
813 3291 961 3399 quique
980 3288 1018 3369 se
1039 3317 1116 3368 non
1141 3288 1262 3372 multa
1281 3291 1506 3399 habentem,

286 3400 352 3482 scd
379 3402 494 3510 pauci
520 3403 781 3509 indigentem,
822 3400 984 3482 divitem
1010 3395 1084 3480 elle
1103 3399 1290 3485 didicerit.
1351 3404 1512 3514 Sapiens

287 3511 401 3591 etiam
414 3509 483 3612 est,
497 3512 565 3619 qui
578 3509 883 3619 simplicitlinram
898 3521 937 3593 δε
958 3529 1099 3593 naturae
1108 3515 1398 3595 convenientem
1416 3517 1507 3599 diae-

289 3641 367 3701 tarn
400 3618 552 3730 praefert
578 3619 783 3702 lautissimis
816 3621 979 3704 venenis.
1040 3622 1235 3729 Sapientes
1274 3625 1403 3733 itaque
1423 3625 1508 3719 sunt

288 3729 405 3833 Indi,
434 3731 547 3810 etiarn
573 3730 649 3812 hoc
676 3752 856 3840 tempore·
891 3731 1029 3831 multi,
1059 3732 1127 3840 qui
1147 3733 1196 3813 ad
1216 3733 1386 3817 Palmeta
1399 3736 1508 3819 inno-

287 3839 514 3923 centissimos
534 3841 617 3923 suos
636 3869 752 3923 annos
773 3869 860 3924 cum
885 3840 1012 3925 nunu
1031 3842 1240 3951 palmarum
1267 3844 1479 3929 suaviffimo
1491 3911 1511 3950 ,

287 3951 471 4060 omnique
497 3953 629 4033 mentis
644 3953 834 4035 acanimae
849 3951 1141 4064 tranquillitate,
1171 3955 1221 4035 ad
1246 3955 1427 4038 nestorios
1447 3960 1504 4042 us·

287 4089 364 4172 que
383 4061 592 4145 deducunt.
615 4064 704 4144 vide
723 4063 893 4175 Kaemps.

344 4173 392 4253 G.
425 4171 633 4255 Pnoeurx
654 4200 970 4282 nurrooonuu.
1029 4174 1152 4281 Quod
1174 4175 1313 4259 Arabes
1338 4177 1406 4259 sub
1434 4208 1510 4265 ave·

290 4279 487 4364 Phoenice
507 4283 630 4395 (Ave
649 4290 689 4365 in
708 4303 849 4371 natura
867 4285 1045 4368 aliusnon
1072 4285 1269 4394 existente)
1305 4289 1510 4399 metapho-

288 4392 364 4477 rice
378 4393 549 4480 Palmam
567 4395 847 4506 descripserim,
875 4418 954 4589 talrp
967 4396 1067 4480 clare
1085 4398 1361 4482 demonstrauit
1373 4401 1511 4482 Kam-

931 4572 934 4578 -
971 4536 995 4618 3,
1356 4509 1512 4622 pserus,
