3660 5506
327 600 381 700 34
574 578 1421 679 ATTRIBUTA..

199 860 202 869 .
321 791 612 878 mbitamutatio
624 793 671 878 sit
682 794 827 910 semper
838 795 1074 911 periculosa,
1102 815 1181 882 tam
1194 793 1309 882 facile
1321 790 1552 905 destructur,

324 905 392 1097 fpd
403 932 472 1098 pgr
484 903 650 1099 aliflluod
659 929 810 1020 tempus
823 911 1074 1022 praservetur
1079 972 1093 1018 ‚
1121 910 1248 994 donec
1266 909 1393 997 oriens
1413 908 1471 996 sol
1484 908 1556 995 ho-

359 1043 421 1099 cm
460 1043 533 1128 epe
585 1038 612 1100 t.

377 1151 404 1210 n.
435 1125 618 1211 Racemus
637 1125 751 1236 hujus
772 1130 917 1224 Plantae
945 1130 1125 1244 singulari
1142 1130 1262 1216 modo
1281 1131 1355 1216 sese
1452 1129 1556 1215 buit:

326 1235 476 1319 Omnes
489 1231 569 1320 fere
581 1238 815 1349 pedunculi‚
844 1239 1072 1345 floreasuoe,
1101 1241 1360 1351 praesentium
1428 1242 1560 1325 herm

323 1345 440 1451 culis,
476 1347 601 1430 versuo
620 1344 819 1430 fenestram
846 1356 887 1434 dt
904 1351 1150 1433 meridianam
1175 1347 1334 1463 plagam
1342 1351 1383 1432 in
1413 1352 1558 1455 ouunt,

325 1481 415 1538 cum
429 1474 556 1539 tamen
570 1455 635 1538 hic
656 1483 678 1538 e
701 1478 835 1540 contra
854 1459 983 1542 versus
1003 1456 1383 1544 boreali-orientalun
1402 1459 1558 1573 plagam

324 1565 401 1650 sese
415 1565 652 1650 incurvabar.
699 1567 1014 1680 Singulorum,
1048 1569 1375 1682 quemadmodum
1388 1591 1560 1656 racemus

323 1675 623 1761 teflodlebatura
642 1675 742 1760 linea
762 1679 1093 1790 perpendiculari,
1129 1683 1183 1762 ita
1204 1680 1316 1765 florea
1328 1678 1503 1764 feminini
1515 1689 1558 1766 dt

324 1783 472 1872 frustm
492 1786 845 1889 retrolledtebantur
869 1789 920 1873 ad
946 1791 1105 1874 eandem
1130 1783 1485 1902 perpendicularem
1511 1788 1560 1871 li·

325 1924 446 1983 neam.
506 1898 573 1982 Sin
630 1896 841 1982 lametiam
854 1921 936 1982 erat
944 1899 1087 1983 racemi
1107 1898 1269 2010 specior:
1300 1891 1435 1982 Floret
1454 1899 1559 1982 enim

323 2005 500 2092 nonnulli
513 1923 802 2092 caldemarus
814 2007 925 2092 simul
938 2016 980 2093 &
991 2007 1127 2093 seffilee
1140 2008 1190 2092 ad
1209 2007 1327 2092 latera
1344 2006 1560 2137 peduncull

322 2119 556 2223 communis,
584 2119 704 2230 inque
722 2118 927 2203 denticulis
952 2119 1104 2204 alternis
1123 2181 1138 2224 ,
1179 2140 1223 2203 ut
1241 2119 1287 2202 in·
1300 2117 1407 2232 spica
1425 2120 1563 2204 videre

320 2227 387 2314 est.
448 2230 601 2341 spicam
621 2249 748 2315 tamen
767 2230 896 2314 dicere
921 2259 1000 2316 non
1019 2228 1192 2342 pollum,
1228 2254 1318 2312 cum
1347 2222 1479 2340 spatha
1506 2228 1559 2312 ad

321 2337 515 2452 singulum
533 2337 772 2466 denticulum
791 2341 970 2444 ponitur,
1000 2341 1112 2442 qnod
1137 2342 1179 2422 in
1205 2361 1298 2417 uera
1318 2341 1437 2446 Spica
1461 2359 1561 2422 nun·

322 2465 730 2665 qugmffillatingalidet
748 2550 833 2682 llaec
856 2551 993 2682 Planta
1005 2615 1028 2682 ,⁸
1054 2550 1154 2634 inter
1172 2577 1302 2682 omnes
1329 2579 1425 2664 quas
1447 2556 1561 2640 novi-

323 2663 665 2780 mua,stmplicibut
689 2685 853 2748 emnium
865 2684 1065 2764 maneamus,
1093 2682 1240 2772 quaeut
1260 2661 1459 2770 inberbis,
1479 2688 1560 2752 non

322 2799 451 2863 autem
470 2776 691 2879 arboribus,
726 2773 1017 2878 contabescunt,
1052 2798 1123 2854 nec
1143 2770 1321 2887 hyemem
1332 2778 1538 2888 respiciunt

324 2918 521 2997 necuere,
549 2916 620 2973 nec
634 2907 819 2998 autumno
832 2885 1055 2970 excrescunt
1067 2906 1134 2968 aut
1145 2905 1307 2998 pereunt
1312 2947 1328 2992 ‚
1354 2883 1421 2970 sed
1439 2839 1562 2974 incid

324 3001 489 3088 ferenter
501 3002 607 3083 omni
621 3000 710 3082 anni
723 3019 899 3110 tempore
913 2998 1048 3081 virent.

382 3145 402 3197 e.
436 3111 540 3221 Vasa
548 3109 739 3224 fhlivrum-
757 3137 779 3193 e
799 3108 905 3192 costa
923 3103 1197 3219 longimdinali
1216 3103 1269 3188 ad
1292 3135 1343 3192 an
1368 3105 1474 3195 ulam
1498 3117 1560 3198 'rt-

323 3223 430 3310 e'ium
440 3243 601 3327 exeunt,
629 3243 720 3304 cum
733 3222 773 3302 in
786 3219 868 3302 aliia
882 3216 1136 3300 communiter
1149 3212 1296 3299 Plantis
1309 3134 1560 3330 adanpilunt

325 3355 482 3419 acutum
515 3331 767 3528 effrediantur.
826 3329 923 3436 Quo
956 3327 1096 3411 canalis
1122 3325 1260 3437 aliquis
1292 3329 1461 3433 reclior,
1506 3359 1560 3415 oo

324 3447 439 3529 etiam
452 3443 529 3528 faci

325 3553 545 3661 difficilior,
580 3581 633 3638 uo
652 3554 772 3664 magis
792 3551 840 3632 ab
859 3548 1159 3633 eadirectionea
1199 3547 1383 3661 angulum
1410 3550 1559 3634 redium

324 3665 498 3750 discedit.
551 3582 668 3748 <llaec
690 3659 892 3765 causaest,
921 3686 990 3743 cur
1008 3659 1093 3742 hcc
1114 3657 1248 3769 planta
1265 3655 1467 3744 intensiore
1493 3658 1556 3744 fo-

324 3778 406 3860 veri
416 3777 553 3861 debeat
564 3774 714 3877 calore,
759 3774 800 3855 ui
820 3771 997 3856 humores
1015 3768 1262 3853 vehementer
1272 3767 1485 3854 distendere
1513 3779 1556 3855 dc

324 3887 540 4000 propellere
553 3884 700 3998 potest,
729 3796 806 3967 gne
818 3910 900 3993 quo
920 3879 1123 3964 circulatio
1132 3881 1266 3993 peragi
1279 3881 1555 3991 nequit,ideo·

324 4027 402 4109 que
421 4000 536 4082 etiam
553 3993 775 4081 necellarius
793 3997 864 4079 erit
882 3991 991 4082 locus
1003 4019 1083 4103 ejus
1102 3991 1236 4075 natalis
1264 3992 1305 4075 in
1323 3989 1559 4077 calidilsrmic

326 4130 435 4309 temp
444 4109 747 4336 gugrllldbcffiyce
772 4215 1025 4306 communiter
1045 4214 1250 4303 coloratior
1268 4213 1343 4303 esse
1361 4211 1552 4408 soletzlmip

551 3441 671 3527 'orest
683 3439 887 3524 humorum
899 3436 1083 3550 perillum
1096 3435 1351 3630 propullime
1370 3455 1560 3525 contraeo
