3660 5506
337 608 385 702 ii
625 601 1196 700 SPECIES.

392 840 597 900 arcorous
611 816 673 901 seu
685 818 788 900 uictu
801 818 929 902 indica
941 819 1157 933 longissimo
1171 815 1425 932 latislimoque
1435 816 1556 924 lolia,

444 927 552 1009 caule
564 928 781 1034 maculato,
811 927 936 1015 fruslu
949 935 1102 1016 minore¹
1122 933 1243 1046 Kagg.
1257 931 1397 1017 braum,
1416 960 1479 1014 rr.

169 1143 288 1204 afarano
389 1161 450 1215 21.
483 1134 602 1214 Hanc
622 1136 869 1217 variationem
883 1138 906 1248 (
916 1135 998 1246 20)
1013 1141 1177 1248 primum
1196 1138 1425 1249 produsiam
1439 1165 1461 1218 a
1474 1137 1555 1218 solo

159 1216 294 1369 sm,
330 1241 447 1325 natali
467 1240 681 1345 differenti,
709 1266 754 1325 ut
774 1243 853 1326 fere
874 1273 1004 1328 omnes
1024 1249 1108 1328 aliae
1129 1249 1352 1330 variationes
1366 1312 1380 1352 ,
1393 1275 1472 1330 non
1485 1245 1555 1328 du-

165 1370 279 1443 amur.
331 1353 438 1454 bito,
467 1351 559 1432 licet
572 1351 713 1432 deinde
731 1352 843 1432 multi
875 1352 989 1434 licata
1009 1352 1247 1463 aliquamdiu
1269 1359 1427 1438 retineat
1445 1354 1555 1436 indo·

327 1461 425 1567 lem,
454 1461 584 1570 qualia
602 1461 777 1570 exempla
790 1380 939 1542 insinua
958 1487 1163 1546 occurrunt
1183 1467 1223 1545 in
1242 1465 1307 1549 Re
1360 1494 1387 1545 o
1400 1466 1557 1547 Anima·

326 1571 367 1655 li.
428 1572 533 1652 Heic
554 1569 633 1651 loci
652 1569 884 1679 superfluum
902 1569 1002 1656 foret
1021 1572 1141 1655 multa
1159 1573 1273 1684 loqui
1319 1576 1461 1657 enotis
1474 1575 1556 1684 spe·

328 1683 408 1767 cies
428 1678 596 1793 perfesie
616 1679 955 1791 distinguentibus,
982 1684 1111 1792 deque
1130 1686 1196 1785 iis,
1223 1713 1312 1794 quae
1333 1685 1557 1769 variationes

327 1813 478 1874 tantum
491 1790 724 1895 conficiunt,
753 1818 880 1900 neque
900 1790 981 1874 loci
1001 1794 1097 1876 ratio
1118 1797 1363 1901 pennitteret.
1422 1794 1557 1876 Reser-

328 1925 461 1985 vamus
480 1902 611 2012 itaque
630 1899 730 1986 hanc
757 1901 922 1984 scientiae
942 1901 1079 1989 nostrae
1098 1922 1246 2011 partem
1271 1902 1312 1986 in
1337 1899 1444 1988 aliud
1462 1921 1557 1987 tem·

328 2037 412 2120 pus.

454 2304 539 2435 v.
598 2309 1429 2443 ATTRIBUTA.

164 2673 295 2736 goma.
387 2665 448 2719 22.
480 2632 607 2715 Locus
619 2626 784 2711 Natalis
810 2627 938 2710 Musae
964 2626 1099 2711 nostrae
1125 2628 1323 2740 primarius
1343 2629 1399 2714 est
1417 2653 1487 2744 per
1514 2665 1559 2719 0-

162 2756 244 2846 viis,
263 2771 308 2810 rt·
327 2772 431 2829 mnes
452 2744 622 2854 regiones
637 2736 876 2820 calidissimas
896 2734 1040 2820 Africae
1060 2747 1102 2821 &
1123 2736 1251 2840 Asrae,
1279 2739 1371 2822 licet
1385 2741 1462 2826 hoc
1487 2773 1556 2827 no-
1678 2839 1681 2844 ,

159 2843 303 2968 {aff
326 2857 404 2941 stro
424 2853 723 2964 temporeetiam
740 2875 810 2958 per
822 2847 1039 2929 Americam
1046 2911 1061 2953 ,
1089 2875 1168 2930 uno
1182 2847 1320 2954 verbo,
1348 2855 1556 2960 peremnia

327 2960 416 3052 loca
436 2963 619 3049 calidiora
638 2959 805 3070 vulgaris
825 2959 1033 3040 admodum
1046 2957 1102 3041 srt.
1133 2957 1286 3065 Quibus
1305 2984 1433 3045 autem
1452 2962 1558 3046 inlo-

329 3080 385 3161 cis
404 3075 510 3161 calor
534 3069 714 3156 remiffior
733 3068 789 3151 est
801 3133 815 3172 ,
844 3069 954 3154 iniis
982 3071 1096 3152 etiam
1134 3070 1251 3152 rarius
1278 3079 1318 3157 ὃς
1360 3070 1557 3160 difficilius

327 3185 592 3302 prognascitur
611 3181 744 3292 planta
762 3178 912 3282 nostra,
940 3200 984 3259 ut
998 3180 1037 3260 in
1054 3177 1243 3290 Japonia,
1270 3180 1338 3262 ubi
1363 3181 1495 3265 sterilis
1515 3192 1557 3267 δε

329 3327 410 3383 rara
435 3292 562 3380 existit
587 3288 747 3375 testante
772 3285 1028 3399 Kaempfero,
1070 3297 1110 3373 &
1129 3289 1170 3368 in
1189 3287 1348 3401 Europa
1365 3290 1433 3373 ubi
1460 3320 1556 3376 nun·

330 3435 448 3523 quam
476 3403 630 3491 subdio
656 3401 836 3484 excrevit.

387 3516 607 3605 Americam
633 3541 716 3622 nun⁸
742 3536 831 3594 uam
872 3504 1093 3590 inhabitasse
1113 3508 1245 3592 Musas
1285 3513 1427 3596 nostras
1468 3534 1556 3598 ante

330 3656 449 3742 quam
480 3624 679 3708 hominum
769 3620 837 3702 dio
869 3629 910 3707 &
930 3647 1019 3707 cura
1051 3646 1098 3700 eo
1117 3618 1254 3701 delate
1277 3619 1405 3729 fuere,
1433 3644 1554 3711 certon

329 3768 399 3824 nos
418 3735 585 3821 reddunt
596 3733 920 3846 peregrinatorum
939 3730 1134 3814 itineraria.
1165 3729 1319 3813 Dicunt
1326 3737 1427 3816 enim
1441 3734 1555 3817 Plan-

331 3871 411 3933 tam
425 3848 525 3929 hanc
551 3873 573 3931 e
594 3845 741 3926 Guinea
762 3842 932 3923 omnium
951 3840 1115 3980 primum
1141 3839 1183 3920 in
1202 3840 1346 3929 Insulas
1366 3845 1555 3931 Canarias

330 3951 751 4068 transportatamfuisse,
779 3952 870 4039 inde
883 3977 977 4035 vero
996 3951 1036 4032 in
1050 3949 1177 4034 Sana.
1192 3950 1422 4067 Domingam
1436 3954 1557 4036 Anno

336 4073 454 4180 1516.
483 4095 554 4177 per
581 4058 758 4148 Thomam
784 4060 825 4144 di
850 4061 1068 4176 Berlanga‚
1097 4062 1199 4144 unde
1231 4061 1356 4150 hocce
1381 4087 1555 4180 tempore

331 4207 400 4292 per
417 4198 537 4263 totam
556 4174 636 4261 fere
649 4174 867 4267 Americam
879 4174 1143 4289 transplantata
1155 4171 1213 4261 stt.
